@unpublished{GoyalLeviSegev:2013,
	Author = {V.~Goyal and R.~Levi and D.~Segev},
	Date-Added = {2013-06-16 04:13:44 +0000},
	Date-Modified = {2013-06-16 04:15:19 +0000},
	Note = {Working Paper, Columbia University},
	Title = {Near-Optimal Algorithms for the Assortment Planning Problem under Dynamic Substitution and Stochastic Demand},
	Year = {2013}}

@book{TalluriVanRyzinBook:2004,
	Address = {New York},
	Author = {K. Talluri and G. van Ryzin},
	Date-Added = {2013-06-09 23:36:07 +0000},
	Date-Modified = {2013-06-09 23:36:22 +0000},
	Publisher = {Springer},
	Title = {The Theory and Practice of Revenue Management},
	Year = 2004}

@book{GareyJohnson:1979,
	Author = {M.~R.~Garey and D.~S.~Johnson},
	Date-Added = {2009-06-11 01:36:18 -0400},
	Date-Modified = {2009-08-01 19:45:34 -0400},
	Publisher = {W.~H.~Freeman},
	Title = {Computers and {I}ntractability: A {G}uide to {T}he {T}heory of {NP}-{C}ompleteness},
	Year = {1979}}

@article{BrontMendezVulcano:2009,
	Author = {J. Miranda Bront and I. Mendez-Diaz and G. Vulcano},
	Date-Added = {2009-06-11 01:12:56 -0400},
	Date-Modified = {2009-08-01 19:42:18 -0400},
	Journal = {Operations Research},
	Number = {3},
	Pages = {769-784},
	Title = {A column generation algorithm for choice-based network revenue management},
	Volume = {57},
	Year = {2009}}

@article{KunnumkalTopaloglu:2008,
	Author = {S. Kunnumkal and H. Topaloglu},
	Date-Added = {2009-06-10 14:52:49 -0400},
	Date-Modified = {2009-06-10 15:13:44 -0400},
	Journal = {Naval Research Logistics},
	Number = {6},
	Pages = {563-580},
	Title = {A refined deterministic linear program for the network revenue management problem with customer choice behavior},
	Volume = {55},
	Year = {2008}}

@article{ShenSu:2007,
	Author = {Z.-J. M. Shen and X. Su},
	Date-Added = {2009-02-22 23:45:58 -0500},
	Date-Modified = {2009-03-04 13:51:17 -0500},
	Journal = {Production and Operations Management},
	Number = {6},
	Pages = {713-728},
	Title = {Customer behavior modeling in revenue management and auctions: A review and new research opportunities},
	Volume = {16},
	Year = {2007}}

@article{SBH:2008,
	Author = {N.~Silberhorn and Y.~Boztug and L.~Hildebrandt},
	Date-Added = {2009-02-03 12:17:52 -0500},
	Date-Modified = {2009-02-03 12:19:30 -0500},
	Journal = {OR Spectrum},
	Month = {653},
	Number = {4},
	Pages = {635},
	Title = {Estimation with the nested logit model: specifications and software particularities},
	Volume = {30},
	Year = {2008}}

@article{Borch-Supan:1990,
	Author = {A. Borch-Supan},
	Date-Added = {2009-02-03 12:14:06 -0500},
	Date-Modified = {2009-02-03 12:14:06 -0500},
	Journal = {Journal of Econometrics},
	Number = {3},
	Pages = {373-388},
	Title = {On the Compatibility of Nested Logit models with Utility Maximization},
	Volume = {43},
	Year = {1990}}

@inproceedings{McFadden1981,
	Author = {D. McFadden},
	Booktitle = {Structural Analysis of Discrete Data},
	Date-Added = {2009-02-03 12:13:57 -0500},
	Date-Modified = {2009-02-03 12:13:57 -0500},
	Editors = {C. F. Manski and D. McFadden},
	Publisher = {MIT Press},
	Title = {Econometric models of probabilistic choice},
	Year = {1981}}

@inproceedings{DalyZachary:1979,
	Address = {London},
	Author = {A. Daly and S. Zachary},
	Booktitle = {Identifying and Measuring the Determinants of Mode Choice},
	Date-Added = {2009-02-03 12:13:29 -0500},
	Date-Modified = {2009-02-03 12:13:29 -0500},
	Editor = {D. Hensher and Q. Dalvi},
	Pages = {335-357},
	Publisher = {Teakfield},
	Title = {Improved Multiple Choice Models},
	Year = {1979}}

@article{BodapatiG:2008,
	Author = {A.~V.~Bodapati and S.~Gupta},
	Date-Added = {2009-02-03 12:02:05 -0500},
	Date-Modified = {2009-02-03 12:04:43 -0500},
	Journal = {Journal of Marketing Research},
	Pages = {351-364},
	Title = {The recoverability of segmentation structure from store-level aggregation data},
	Volume = {41},
	Year = {2004}}

@unpublished{RSS:2008,
	Author = {P.~Rusmevichientong and Z.-J.~Max~Shen and D. B. Shmoys},
	Date-Added = {2009-02-01 16:30:38 -0500},
	Date-Modified = {2009-06-11 14:20:23 -0400},
	Note = {To appear in {\em Operations Research Letters}},
	Title = {A PTAS for capacitated sum-of-ratios optimization},
	Year = {2009}}

@unpublished{SaureZ:2008,
	Author = {D.~Saure and A.~Zeevi},
	Date-Added = {2009-01-27 16:39:10 -0500},
	Date-Modified = {2009-02-23 00:25:18 -0500},
	Note = {Working Paper, Columbia Graduate School of Business},
	Title = {Optimal dynamic assortment planning},
	Year = {2008}}

@article{Ratliffetal:2007,
	Author = {R.~Ratliff and B.~Venkateshwara~Rao and C.~P.~Narayan and K.~Yellepeddi},
	Date-Added = {2009-01-27 14:57:49 -0500},
	Date-Modified = {2009-01-27 14:59:37 -0500},
	Journal = {Journal of Revenue and Pricing Management},
	Number = {2},
	Pages = {153-171},
	Title = {A multi-flight recapture heuristic for estimating unconstrained demand from airline bookings},
	Volume = {7},
	Year = {2007}}

@article{ZhangAdelman:2008,
	Author = {D.~Zhang and D.~Adelman},
	Date-Added = {2009-01-27 14:51:12 -0500},
	Date-Modified = {2009-08-01 19:49:53 -0400},
	Journal = {Transportation Science},
	Number = {3},
	Pages = {381--394},
	Title = {An approximate dynamic programming approach to network revenue management with customer choice},
	Volume = {43},
	Year = {2009}}

@article{TalluriVanRyzin:2004,
	Author = {K.~Talluri and G.~J.~{van Ryzin}},
	Date-Added = {2009-01-27 14:44:31 -0500},
	Date-Modified = {2009-01-27 14:46:06 -0500},
	Journal = {Management Science},
	Number = {1},
	Pages = {15-33},
	Title = {Revenue management under a general discrete choice model of consumer behavior},
	Volume = {50},
	Year = {2004}}

@unpublished{VulcanoVanRyzinRatliff:2008,
	Author = {G.~Vulcano and G.~J.~{van Ryzin} and R.~Ratliff},
	Date-Added = {2009-01-20 11:45:09 -0500},
	Date-Modified = {2009-02-23 00:25:44 -0500},
	Note = {Working paper, Stern Business School},
	Title = {Estimating primary demand for substitutable products from sales transaction data},
	Year = {2008}}

@article{HotzM:1993,
	Author = {V. J. Hotz and R. A. Miller},
	Journal = {The Review of Economic Studies},
	Number = {3},
	Pages = {497-529},
	Title = {Conditional Choice Probabilities and the Estimation of Dynamic Models},
	Volume = {60},
	Year = 1993}

@article{PaapF:2000,
	Author = {R. Paap and P. H. Franses},
	Journal = {Journal of Applied Econometrics},
	Number = {6},
	Pages = {717-744},
	Title = {A Dynamic Multinomial Probit Model for Brand Choice with Different Long-Run and Short-Run Effects of Marketing-Mix Variables},
	Volume = {15},
	Year = 2000}

@article{EcksteinW:1989,
	Author = {Z. Eckstein and K. I. Wolpin},
	Journal = {The Journal of Human Resources},
	Number = {4},
	Pages = {562-598},
	Title = {The Specification and Estimation of Dynamic Stochastic Discrete Choice Models: A Survey},
	Volume = {24},
	Year = 1989}

@article{KeaneW:1994,
	Author = {M. P. Keane and K. I. Wolpin},
	Journal = {The Review of Economics and Statistics},
	Number = {4},
	Pages = {648-672},
	Title = {The Solution and Estimation of Discrete Choice Dynamic Programming Models by Simulation and Interpolation: Monte Carlo Evidence},
	Volume = {76},
	Year = 1994}

@article{AnantharamVW:1987a,
	Author = {V. Anantharam and P. Varaiya and J. Walrand},
	Journal = {IEEE Transactions on Automatic Control},
	Number = {11},
	Pages = {968-976},
	Title = {Asymptotically efficient adaptive allocation rules for the multi-armed bandit problem with multiple plays, Part I: I.I.D. rewards},
	Volume = {AC-32},
	Year = 1987}

@article{AnantharamVW:1987b,
	Author = {V. Anantharam and P. Varaiya and J. Walrand},
	Journal = {IEEE Transactions on Automatic Control},
	Number = {11},
	Pages = {977-982},
	Title = {Asymptotically efficient adaptive allocation rules for the multi-armed bandit problem with multiple plays, Part II : Markovian rewards},
	Volume = {AC-32},
	Year = 1987}

@article{Niemiro1992,
	Author = {W. Niemiro},
	Journal = {The Annals of Statistics},
	Number = {3},
	Pages = {1514-1533},
	Title = {Asymptotics for M-Estimators Defined by Convex Minimization},
	Volume = {20},
	Year = 1992}

@incollection{Shapiro2003,
	Author = {A. Shapiro},
	Booktitle = {Handbook in Operations Research and Management Science},
	Date-Modified = {2009-02-02 23:45:24 -0500},
	Editors = {A. Ruszczynski and A. Shapiro},
	Publisher = {Elsevier},
	Title = {Stochastic programming},
	Year = 2003}

@inproceedings{KokFV2006,
	Author = {A. G. Kok and M. Fisher and R. Vaidyanathan},
	Booktitle = {Retail Supply Chain Management},
	Date-Modified = {2009-02-23 00:21:06 -0500},
	Editors = {N. Agrawal and S. A. Smith},
	Publisher = {Springer},
	Title = {Assortment planning: Review of literature and industry practice},
	Year = 2008}

@article{Hoeffding63,
	Author = {W. Hoeffding},
	Journal = {Journal of the {American} Statistical Association},
	Pages = {13-30},
	Title = {Probability inequalities for sums of bounded random variables},
	Volume = 58,
	Year = 1963}

@article{LeviRS05,
	Author = {R. Levi and R. O. Roundy and D. B. Shmoys},
	Date-Modified = {2009-02-02 23:38:22 -0500},
	Journal = {Mathematics of Operations Research},
	Number = {4},
	Pages = {821-838},
	Title = {Provably near-optimal sampling-based algorithms for stochastic inventory control models},
	Volume = {32},
	Year = 2007}

@inproceedings{SwamyS05,
	Author = {C. Swamy and D. B. Shmoys},
	Booktitle = {Proceedings of the 46th Annual IEEE Symposium on the Foundations of Computer Science},
	Date-Modified = {2009-02-02 23:45:43 -0500},
	Title = {Sampling-based approximation algorithms for multi-stage stochastic optimization},
	Year = 2005}

@book{CoverT2006,
	Author = {T. M. Cover and J. A. Thomas},
	Publisher = {Wiley},
	Title = {Elements of Information Theory},
	Year = {2006}}

@book{PressTV1999,
	Author = {W. H. Press and S. A. Teukolsky and W. T. Vetterling et al.},
	Publisher = {Cambridge University Press},
	Title = {Numerical Recipes in C, The Art of Scientific Computing},
	Year = {1999}}

@article{Megiddo:1979,
	Author = {N. Megiddo},
	Date-Modified = {2009-02-02 23:43:48 -0500},
	Journal = {Mathematics of Operations Research},
	Number = {4},
	Pages = {414-424},
	Title = {Combinatorial optimization with rational objective functions},
	Volume = {4},
	Year = 1979}

@unpublished{GallegoIPD2004,
	Author = {G. Gallego and G. Iyengar and R. Phillips and A. Dubey},
	Date-Modified = {2009-02-23 00:15:15 -0500},
	Note = {Working Paper, Columbia University},
	Title = {Managing flexible products on a network},
	Year = {2004}}

@inproceedings{McFadden1974,
	Author = {D. McFadden},
	Booktitle = {Frontiers in Econometrics},
	Editors = {P. Zarembka},
	Pages = {105-142},
	Publisher = {Academic Press},
	Title = {Conditional Logit Analysis of Qualitative Choice Behavior},
	Year = {1974}}

@book{AndersonPT1992,
	Address = {Cambridge, MA},
	Author = {S. Anderson and A. de Palma and J. F. Thisse},
	Date-Modified = {2009-02-02 23:39:22 -0500},
	Publisher = {MIT Press},
	Title = {Discrete Choice Theory of Product Differentiation},
	Year = {1992}}

@inproceedings{MahajanV1998,
	Author = {S. Mahajan and G.~J.~{van Ryzin}},
	Booktitle = {Quantitative Models for Supply Chain Management},
	Date-Modified = {2009-01-16 13:33:51 -0500},
	Editor = {S. Tayur and R. Ganeshan and M. Magazine},
	Pages = {491-551},
	Publisher = {Kluwer Academic Publishers},
	Title = {Retail inventories and consumer choice},
	Year = {1998}}

@article{ChongHT2001,
	Author = {J. K. Chong and T. H. Ho and C. S. Tang},
	Journal = {Manufacturing Service Operation Management},
	Number = 3,
	Pages = {191-210},
	Title = {A modeling framework for category assortment planning},
	Volume = {3},
	Year = 2001}

@inproceedings{Bierlaire2003,
	Address = {Ascona, Switzerland},
	Author = {M. Bierlaire},
	Booktitle = {Proceedings of the 3rd Swiss Transportation Research Conference},
	Date-Modified = {2009-02-23 00:14:10 -0500},
	Title = {BIOGEME: A Free Package For the Estimation of Discrete Choice Models},
	Year = {2003}}

@book{BenAkivaL1985,
	Address = {Cambridge, MA},
	Author = {M. Ben-Akiva and S.R. Lerman},
	Date-Modified = {2009-02-02 23:39:41 -0500},
	Publisher = {MIT Press},
	Title = {Discrete Choice Analysis: Theory and Application to Travel Demand},
	Year = {1985}}

@article{NatarajanST2006,
	Author = {K. Natarajan and M. Song and C.-P. Teo},
	Note = {working paper},
	Title = {Persistency Model and Its Applications in Choice Modeling},
	Year = {2006}}

@article{Haussler1992,
	Author = {D. Haussler},
	Journal = {Information and Computation},
	Page = {78-150},
	Title = {Decision Theoretic Generalizations of the PAC Model for Neural Net and Other Learning Applications},
	Volume = {100},
	Year = {1992}}

@article{LiuV2008,
	Author = {Q. Liu and G.~J.~{van Ryzin}},
	Date-Modified = {2009-02-02 23:38:54 -0500},
	Journal = {Manufacturing and Service Operations Management},
	Number = {2},
	Pages = {288-310},
	Title = {On the choice-based linear programming model for network revenue management},
	Volume = {10},
	Year = {2008}}

@article{SimchiD2003,
	Author = {D. Simchi-Levi and P. Kaminsky and E. Kaminsky},
	Title = {Designing and Managing the Supply Chain, Second Edition. Irwin McGraw-Hill: New York.},
	Year = {2003}}

@article{BW2005,
	Author = {P. O'Connell},
	Journal = {Business Week},
	Note = {November 21. Available at \url{http://www.businessweek.com/magazine/content/05_47/b3960010.htm}},
	Title = {Shaping Cars for the Chinese},
	Year = {2005}}

@article{CorstjensD1981,
	Author = {M. Corstjens and P. Doyle},
	Journal = {Journal of Marketing},
	Pages = {822-833},
	Title = {A Model for Optimizing Retail Space Allocations},
	Volume = {27},
	Year = {1981}}

@article{CorstjensD1983,
	Author = {M. Corstjens and P. Doyle},
	Journal = {Journal of the Operational Research Society},
	Number = {10},
	Pages = {943-951},
	Title = {A Dynamic Model for Strategically Allocating Retail Space},
	Volume = {34},
	Year = {1983}}

@article{BultezN1988,
	Author = {A. Bultez and P. Naert},
	Journal = {Marketing Science},
	Pages = {211-231},
	Title = {SHARP: Shelf Allocation for Retailers Profit},
	Volume = {7},
	Year = {1988}}

@article{BultezGNV1989,
	Author = {A. Bultez and E. Gijsbrechts and P. Naert and P. vanden Abeele},
	Journal = {Journal of Retailing},
	Number = {2},
	Pages = {153-192},
	Title = {Asymmetric Cannibalism in Retail Assortments},
	Volume = {65},
	Year = {1989}}

@article{DrezeHP1994,
	Author = {X. Dreze and Stephen J. Hoch and Mary E. Purk},
	Journal = {Journal of Retailing},
	Pages = {301-326},
	Title = {Shelf Management and Space Elasticity},
	Volume = {70},
	Year = {1994}}

@article{VanRyzinM1999,
	Author = {G. {van Ryzin} and S. Mahajan},
	Date-Modified = {2009-08-01 19:48:16 -0400},
	Journal = {Management Science},
	Number = {11},
	Pages = {1496-1509},
	Title = {On the relationship between inventory costs and variety benefits in retail assortments},
	Volume = {45},
	Year = {1999}}

@article{SmithAgrawal2000,
	Author = {S. A. Smith and N. Agrawal},
	Journal = {Operations Research},
	Pages = {50-64},
	Title = {Management of Multi-item Retail Inventories Systems with Demand Substitution},
	Volume = {48},
	Year = {2000}}

@article{MahajanV2001,
	Author = {S. Mahajan and G.~J.~{van Ryzin}},
	Date-Modified = {2009-02-23 00:23:50 -0500},
	Journal = {Operations Research},
	Number = {3},
	Pages = {334-351},
	Title = {Stocking retail assortments under dynamic consumer substitution},
	Volume = {49},
	Year = {2001}}

@unpublished{KokF2004,
	Author = {A. G. Kok and M. Fisher},
	Note = {To appear in Operations Research},
	Title = {Demand Estimation and Assortment Optimization Under Substitution: Methodology and Application},
	Year = {2004}}

@article{CachonTW2005,
	Author = {G. Cachon and C. Terwiesch and Y. Xu},
	Date-Modified = {2009-08-01 19:44:52 -0400},
	Journal = {Manufacturing and Service Operations Management},
	Number = {4},
	Pages = {330-346},
	Title = {Assortment planning in the presence of consumer search},
	Volume = {7},
	Year = {2005}}

@article{GaurH2006,
	Author = {V. Gaur and D. Honhon},
	Journal = {Management Science},
	Number = {10},
	Pages = {1528-1543},
	Title = {Assortment Planning and Inventory Decisions Under a Locational Choice Model},
	Volume = {52},
	Year = {2006}}

@unpublished{HonhonGS2006,
	Author = {D. Honhon and V. Gaur and S. Seshadri},
	Note = {working paper},
	Title = {Assortment Planning and Inventory Management Under Dynamic Substitution},
	Year = {2006}}

@unpublished{Smith2006,
	Author = {S. Smith},
	Note = {working paper},
	Title = {Optimizing Retail Assortments for Diverse Preferences},
	Year = {2006}}

@article{GreenK1985,
	Author = {P. E. Green and A. M. Krieger},
	Journal = {Marketing Science},
	Number = {1},
	Pages = {1-19},
	Title = {Models and Heuristics for Product Line Selection},
	Volume = {4},
	Year = {1985}}

@article{KohliS1990,
	Author = {R. Kohli and R. Sukumar},
	Journal = {Management Science},
	Number = {12},
	Pages = {1464-1478},
	Title = {Heuristics for Product-Line Design Using Conjoint Analysis},
	Volume = {36},
	Year = {1990}}

@article{CaroG2006,
	Author = {F.~Caro and J.~Gallien},
	Date-Modified = {2009-02-02 23:35:59 -0500},
	Journal = {Management Science},
	Number = {2},
	Pages = {276-292},
	Title = {Dynamic assortment with demand learning for seasonal consumer goods},
	Volume = {53},
	Year = {2007}}

@article{AlexoudaP2001,
	Author = {G. Alexouda and K. Paparizos},
	Journal = {European Journal of Operational Research},
	Pages = {165-178},
	Title = {A Genetic Algorithm Approach to the Product Line Design Problem Using the Seller's Return Criterion: An Extensive Comparative Computational Study},
	Volume = {134},
	Year = {2001}}

@article{AuerCF2002,
	Author = {P. Auer and N. Cesa-Bianchi and P, Fischer},
	Journal = {Machine Learning},
	Pages = {235-256},
	Title = {Finite-time analysis of the multiarmed bandit problem},
	Volume = {47},
	Year = {2002}}

@article{ChenH2001,
	Author = {K. D. Chen and W. H. Hausman},
	Journal = {Management Science},
	Number = {2},
	Pages = {327-332},
	Title = {Technical Note - Mathematical Properties of the Optimal Product Line Selection Problem Using Choice-Based Conjoint Analysis},
	Volume = {46},
	Year = {2001}}

@article{DobsonK1993,
	Author = {G. Dobson and S. Kalish},
	Journal = {Management Science},
	Pages = {160-175},
	Title = {Heuristics for Pricing and Positioning a Product Line Using Conjoint and Cost Data},
	Volume = {39},
	Year = {1993}}

@inproceedings{EvenDarMM2002,
	Author = {E. Even-Dar and S. Mannor and Y. Mansour},
	Booktitle = {Fifteenth Annual Conference on Computational Learning Theory},
	Editor = {J. Kivinen and R. H. Sloan},
	Pages = {255-270},
	Title = {PAC bounds for multi-armed bandit and Markov decision processes},
	Year = {2002}}

@unpublished{FliglerFW2006,
	Author = {A. Fligler and G. E. Fruchter and R. Winer},
	Note = {To appear in Journal of Optimization Theory and Applications},
	Title = {Optimal Product Line Design: A Genetic Algorithm Approach to Mitigate Cannibalization},
	Year = {2006}}

@article{KohliK1987,
	Author = {R. Kohli and R. Krishnamurti},
	Journal = {Management Science},
	Pages = {1523-1533},
	Title = {A Heuristic Approach to Product Design},
	Volume = {33},
	Year = {1987}}

@article{McBrideZ1988,
	Author = {R. D. McBride and S.F. Zufryden},
	Journal = {Marketing Science},
	Pages = {126-140},
	Title = {An Integer Programming Approach To the Optimal Product Line Selection Problem},
	Volume = {7},
	Year = {1988}}

@article{NairTW1995,
	Author = {S. K. Nair and L. S. Thakur and K. Wen},
	Journal = {Management Science},
	Number = {5},
	Pages = {767-785},
	Title = {Near Optimal Solutions For Product Line Design And Selection: Beam Search Heuristics},
	Volume = {41},
	Year = {1995}}

@book{PapadimitriouS1998,
	Author = {C. Papadimitriou and K. Steiglitz},
	Publisher = {Dover},
	Title = {Combinatorial Optimization},
	Year = {1998}}

@article{LaiR1985,
	Author = {T. L. Lai and H. Robbins},
	Journal = {Advances in Applied Mathematics},
	Pages = {4--22},
	Title = {Asymptotically efficient adaptive allocation rules},
	Volume = {6},
	Year = {1985}}

@inproceedings{Kleinberg2004,
	Author = {Robert Kleinberg},
	Booktitle = {Advances in Neural Information Processing Systems},
	Title = {Nearly Tight Bounds for the Continuum-Armed Bandit Problem},
	Year = {2004}}

@phdthesis{Kleinberg2005,
	Author = {R. Kleinberg},
	School = {MIT},
	Title = {Online Decision Problems with Large Strategy Sets},
	Type = {Ph.{D}. {D}issertation},
	Year = {2005}}

@inproceedings{AuerCFS1995,
	Author = {P. Auer and N. Cesa-Bianchi and Y. Freund and R. E. Schapire},
	Booktitle = {Proceedings of the 6th Annual ACM-SIAM Symposium on Discrete Algorithms},
	Title = {Gambling in a rigged casino: The adversarial multi-armed bandit problem},
	Year = {1995}}

@article{Lai1987,
	Author = {T. L. Lai},
	Journal = {The Annals of Statistics},
	Number = {3},
	Pages = {1091-1114},
	Title = {Adaptive Treatment Allocation and the Multi-Armed Bandit Problem},
	Volume = {15},
	Year = {1987}}

@article{BerryCZHS1997,
	Author = {D. A. Berry and R. W. Chen and A. Zame and D. C. Heath and L. A. Shepp},
	Journal = {The Annals of Statistics},
	Number = {5},
	Pages = {2103-2116},
	Title = {Bandit Problems With Infinitely Many Arms},
	Volume = {25},
	Year = {1997}}

@article{Agrawal1995,
	Author = {R. Agrawal},
	Journal = {Advances in Applied Probability},
	Pages = {1054-1078},
	Title = {Sample mean based index policies with O(log n) regret for the multi-armed bandit problem},
	Volume = {27},
	Year = {1995}}

@article{Hoeffding1963,
	Author = {W. Hoeffding},
	Journal = {Journal of the American Statistical Association},
	Pages = {13-30},
	Title = {Probability inequalities for sums of bounded random variables},
	Volume = {58},
	Year = {1963}}

@article{GinebraC1995,
	Author = {J. Ginebra and M. K. Clayton},
	Journal = {Journal of the Royal Statistical Society. Series B (Methodological)},
	Number = {4},
	Pages = {771-784},
	Title = {Response Surface Bandits},
	Volume = {57},
	Year = {1995}}

@article{Zimmerman2006,
	Author = {A. Zimmerman},
	Journal = {Wall Street Journal},
	Note = {September 7, 2006},
	Title = {Thinking Local. To Boost Sale, Wal-Mart Drops One-Size-Fits-All Approach},
	Year = {2006}}

@inproceedings{YanoD1998,
	Author = {C. A. Yano and G. Dobson},
	Booktitle = {Product Variety Management: Research and Advances},
	Editor = {T.-H. Ho and C.S. Tang},
	Pages = {145-176},
	Publisher = {Kluwer Academic Publisher},
	Title = {Profit Optimizing Product Line Design, Selection and Pricing with Manufacturing Cost Considerations: A Survey},
	Year = {1998}}

@article{RT:2009,
	Author = {Paat Rusmevichientong and Huseyin Topaloglu},
	Journal = {Operations Research},
	Number = {4},
	Pages = {865--882},
	Title = {Robust Assortment Optimization in Revenue Management Under the Multinomial Logit Choice Model},
	Volume = {60},
	Year = {2012}}

@unpublished{RST:2011,
	Author = {P.~Rusmevichientong and D.~Shmoys and H.~Topaloglu},
	Date-Modified = {2009-08-01 19:47:28 -0400},
	Note = {Working Paper, Cornell University, School of Operations Research and Information Engineering},
	Title = {Short Communication: {A} {PTAS} for maximizing a sum of linear fractionals with binary variables},
	Year = {2011}}

@article{FrCl84,
	Author = {A. M. Frieze and M. R. B. Clarke},
	Date-Modified = {2009-08-01 19:44:34 -0400},
	Journal = {European Journal of Operational Research},
	Number = {1},
	Pages = {100--109},
	Title = {Approximation algorithms for the m-dimensional 0-1 knapsack problem: Worst-case and probabilistic analyses},
	Volume = {15},
	Year = {1984}}

@unpublished{RSS:2009,
	Author = {P.~Rusmevichientong and Z.-J.~Max~Shen and D. B. Shmoys},
	Date-Modified = {2009-08-01 19:47:00 -0400},
	Note = {Working paper, Cornell University, School of Operations Research and Information Engineering},
	Title = {Dynamic assortment optimization with a multinomial logit choice model and capacity constraint},
	Year = {2009}}

@article{RoShSh10,
	Author = {P. Rusmevichientong and Z.-J. M. Shen and D. B. Shmoys},
	Journal = {Operations Research},
	Number = {6},
	Pages = {1666-1680},
	Title = {Dynamic Assortment Optimization with a Multinomial Logit Choice Model and Capacity Constraint},
	Volume = {58},
	Year = {2010}}

@techreport{GaRa11,
	Address = {New York, NY},
	Author = {Guillermo Gallego and Richard Ratliff and Sergey Shebalov},
	Institution = {Columbia University},
	Title = {A General Attraction Model and an Efficient Formulation for the Network Revenue Management Problem},
	Year = {2011}}

@article{DiBr11,
	Author = {I. Mendez-Diaz and J. J. M. Bront and G. Vulcano and P. Zabala},
	Journal = {Discrete Applied Mathematics},
	Pages = {383--390},
	Title = {A Branch-and-Cut Algorithm for the Latent-Class Logit Assortment Problem},
	Volume = {36},
	Year = {2010}}

@article{FaJaSh11,
	Author = {Vivek F. Farias and Srikanth Jagabathula and Devavrat Shah},
	Journal = {Management Science},
	Number = {to appear},
	Title = {A Non-Parametric Approach to Modeling Choice with Limited Data},
	Year = {2011}}

@techreport{FaJaSh12,
	Address = {Cambridge, MA},
	Author = {V. F Farias and S. Jagabathula and D. Shah},
	Institution = {MIT},
	Title = {Sparse Choice Models},
	Year = {2012}}

@unpublished{DavisEtal:2012,
	Author = {J. M. Davis and G. Gallego and H. Topaloglu},
	Date-Added = {2012-03-31 13:49:29 -0700},
	Date-Modified = {2012-09-07 13:36:20 -0700},
	Note = {Working paper, Cornell University},
	Title = {Assortment optimization under variants of the nested logit model},
	Year = {2011}}

@unpublished{LiRusmevichientong:2012,
	Author = {G.~Li and P.~Rusmevichientong},
	Date-Added = {2012-12-17 19:55:56 +0000},
	Date-Modified = {2012-12-17 19:56:39 +0000},
	Note = {Working Paper, USC},
	Title = {Technical Note: A Simple Greedy Algorithm for Assortment Optimization in the Two-Level Nested Logit Model},
	Year = {2012}}

@unpublished{GallegoTopaloglu:2012,
	Author = {G.~Gallego and H.~Topaloglu},
	Date-Added = {2012-09-26 08:26:09 -0700},
	Date-Modified = {2012-09-26 08:26:44 -0700},
	Note = {Working paper, {\em Cornell University}},
	Title = {Constrained assortment optimization for the nested logit model},
	Year = {2012}}

@unpublished{Talluri:2010,
	Author = {K.~Talluri},
	Date-Added = {2011-03-13 14:57:01 -0400},
	Date-Modified = {2011-03-13 14:57:23 -0400},
	Note = {Working paper, Universitat Pompeu Fabra, Barcelona, Spain},
	Title = {A randomized concave programming method for choice network revenue management},
	Year = {2010}}

@article{MeissnerStrauss:2008,
	Author = {J. Meissner and A. K. Strauss},
	Journal = {European Journal of Operational Research},
	Pages = {459--468},
	Title = {Network Revenue Management with Inventory-Sensitive Bid Prices and Customer Choice},
	Volume = {216},
	Year = {2012}}

@article{MeSt12,
	Author = {Joern Meissner and Arne Strauss and Kalyan Talluri},
	Journal = {Production and Operations Management},
	Number = {1},
	Pages = {71--87},
	Title = {An Enhanced Concave Program Relaxation for Choice Network Revenue Management},
	Volume = {22},
	Year = {2012}}

@conference{JaFa11,
	Author = {Srikanth Jagabathula and Vivek Farias and Devavrat Shah},
	Booktitle = {INFORMS Conference, Charlotte, NC},
	Title = {Assortment Optimization under General Choice},
	Year = {2011}}

@book{Tr03,
	Address = {Cambridge, UK},
	Author = {Kenneth Train},
	Publisher = {Cambridge University Press},
	Title = {Discrete Choice Methods with Simulation},
	Year = 2003}

@article{McTr00,
	Author = {Daniel McFadden and Kenneth Train},
	Journal = {Journal of Applied Economics},
	Pages = {447--470},
	Title = {Mixed {MNL} Models for Discrete Response},
	Volume = {15},
	Year = {2000}}
@article{Ad07,
  title={Dynamic bid prices in revenue management},
  author={Adelman, Daniel},
  journal={Operations Research},
  volume={55},
  number={4},
  pages={647--661},
  year={2007},
  publisher={INFORMS}
}

@article{FaRo07b,
  title={An approximate dynamic programming approach to network revenue management},
  author={Farias, Vivek F and Van Roy, Benjamin},
  journal={Preprint},
  year={2007},
  publisher={Citeseer}
}

@article{KuTo06c,
  title={Computing time-dependent bid prices in network revenue management problems},
  author={Kunnumkal, Sumit and Topaloglu, Huseyin},
  journal={Transportation Science},
  volume={44},
  number={1},
  pages={38--62},
  year={2010},
  publisher={INFORMS}
}

@article{MeSt08,
  title={Network revenue management with inventory-sensitive bid prices and customer choice},
  author={Meissner, Joern and Strauss, Arne},
  journal={European Journal of Operational Research},
  volume={216},
  number={2},
  pages={459--468},
  year={2012},
  publisher={Elsevier}
}

@book{Ru06,
  title={Nonlinear optimization},
  author={Ruszczy{\'n}ski, Andrzej P},
  volume={13},
  year={2006},
  publisher={Princeton university press}
}

@book{Pu94,
  title={Markov decision processes: discrete stochastic dynamic programming},
  author={Puterman, Martin L},
  year={2014},
  publisher={John Wiley \& Sons}
}

@book{Si89,
  title={Using network flow techniques to find shadow prices for market demands and seat inventory control},
  author={Simpson, Robert Warren},
  year={1989},
  publisher={MIT, Department of Aeronautics and Astronautics, Flight Transportation Laboratory}
}

@article{TaRy98,
  title={An analysis of bid-price controls for network revenue management},
  author={Talluri, Kalyan and Van Ryzin, Garrett},
  journal={Management Science},
  volume={44},
  number={11-part-1},
  pages={1577--1593},
  year={1998},
  publisher={INFORMS}
}

@article{TaRy99,
  title={A randomized linear programming method for computing network bid prices},
  author={Talluri, Kalyan and Van Ryzin, Garrett},
  journal={Transportation Science},
  volume={33},
  number={2},
  pages={207--216},
  year={1999},
  publisher={INFORMS}
}

@article{To06,
  title={Using Lagrangian relaxation to compute capacity-dependent bid prices in network revenue management},
  author={Topaloglu, Huseyin},
  journal={Operations Research},
  volume={57},
  number={3},
  pages={637--649},
  year={2009},
  publisher={INFORMS}
}

@article{Va97,
  title={Linear programming},
  author={Vanderbei, Robert J},
  journal={Foundations and Extensions. Second Edition-International Series in Operations Research and Management Science},
  volume={37},
  year={2001},
  publisher={Springer}
}

@article{VoZh12,
  title={A dynamic disaggregation approach to approximate linear programs for network revenue management},
  author={Vossen, Thomas WM and Zhang, Dan},
  journal={Production and Operations Management},
  volume={24},
  number={3},
  pages={469--487},
  year={2015},
  publisher={Wiley Online Library}
}

@article{Wi92,
  title={Airline network seat control},
  author={Williamson, Elizabeth Louise},
  journal={Unpublished doctoral dissertation, Massachusetts Institute of Technology, Cambridge, MA},
  year={1992}
}

@article{ZhAd06,
  title={An approximate dynamic programming approach to network revenue management with customer choice},
  author={Zhang, Dan and Adelman, Daniel},
  journal={Transportation Science},
  volume={43},
  number={3},
  pages={381--394},
  year={2009},
  publisher={INFORMS}
}
