@article{Wi92,
  title={Airline network seat control},
  author={Williamson, Elizabeth Louise},
  journal={Unpublished doctoral dissertation, Massachusetts Institute of Technology, Cambridge, MA},
  year={1992}
}

@article{TaRy98,
  title={An analysis of bid-price controls for network revenue management},
  author={Talluri, Kalyan and Van Ryzin, Garrett},
  journal={Management Science},
  volume={44},
  number={11-part-1},
  pages={1577--1593},
  year={1998},
  publisher={INFORMS}
}

@article{TaRy99,
  title={A randomized linear programming method for computing network bid prices},
  author={Talluri, Kalyan and Van Ryzin, Garrett},
  journal={Transportation Science},
  volume={33},
  number={2},
  pages={207--216},
  year={1999},
  publisher={INFORMS}
}

@article{FaRo07b,
  title={An approximate dynamic programming approach to network revenue management},
  author={Farias, Vivek F and Van Roy, Benjamin},
  journal={Preprint},
  year={2007},
  publisher={Citeseer}
}

@article{MeSt08,
  title={Network revenue management with inventory-sensitive bid prices and customer choice},
  author={Meissner, Joern and Strauss, Arne},
  journal={European Journal of Operational Research},
  volume={216},
  number={2},
  pages={459--468},
  year={2012},
  publisher={Elsevier}
}

@article{ZhAd06,
  title={An approximate dynamic programming approach to network revenue management with customer choice},
  author={Zhang, Dan and Adelman, Daniel},
  journal={Transportation Science},
  volume={43},
  number={3},
  pages={381--394},
  year={2009},
  publisher={INFORMS}
}

@article{KuTo06c,
  title={Computing time-dependent bid prices in network revenue management problems},
  author={Kunnumkal, Sumit and Topaloglu, Huseyin},
  journal={Transportation Science},
  volume={44},
  number={1},
  pages={38--62},
  year={2010},
  publisher={INFORMS}
}

@article{Ad07,
  title={Dynamic bid prices in revenue management},
  author={Adelman, Daniel},
  journal={Operations Research},
  volume={55},
  number={4},
  pages={647--661},
  year={2007},
  publisher={INFORMS}
}

@book{Si89,
  title={Using network flow techniques to find shadow prices for market demands and seat inventory control},
  author={Simpson, Robert Warren},
  year={1989},
  publisher={MIT, Department of Aeronautics and Astronautics, Flight Transportation Laboratory}
}

@book{Ru06,
  title={Nonlinear optimization},
  author={Ruszczy{\'n}ski, Andrzej P},
  volume={13},
  year={2006},
  publisher={Princeton university press}
}

@article{To06,
  title={Using Lagrangian relaxation to compute capacity-dependent bid prices in network revenue management},
  author={Topaloglu, Huseyin},
  journal={Operations Research},
  volume={57},
  number={3},
  pages={637--649},
  year={2009},
  publisher={INFORMS}
}

@book{Pu94,
  title={Markov decision processes: discrete stochastic dynamic programming},
  author={Puterman, Martin L},
  year={2014},
  publisher={John Wiley \& Sons}
}

@article{Va97,
  title={Linear programming},
  author={Vanderbei, Robert J},
  journal={Foundations and Extensions. Second Edition-International Series in Operations Research and Management Science},
  volume={37},
  year={2001},
  publisher={Springer}
}

@article{VoZh12,
  title={A dynamic disaggregation approach to approximate linear programs for network revenue management},
  author={Vossen, Thomas WM and Zhang, Dan},
  journal={Production and Operations Management},
  volume={24},
  number={3},
  pages={469--487},
  year={2015},
  publisher={Wiley Online Library}
}
