@book{kelton2000simulation,
  title={Simulation modeling and analysis},
  author={Kelton, W David and Law, Averill M},
  year={2000},
  publisher={McGraw Hill Boston}
}

@article{gupta2008appointment,
  title={Appointment scheduling in health care: Challenges and opportunities},
  author={Gupta, Diwakar and Denton, Brian},
  journal={IIE transactions},
  volume={40},
  number={9},
  pages={800--819},
  year={2008},
  publisher={Taylor \& Francis}
}

@article{cayirli2003outpatient,
  title={OUTPATIENT SCHEDULING IN HEALTH CARE: A REVIEW OF LITERATURE*},
  author={Cayirli, Tugba and Veral, Emre},
  journal={Production and Operations Management},
  volume={12},
  number={4},
  pages={519},
  year={2003},
  publisher={Blackwell Publishers Inc.}
}

@article{kaandorp2007optimal,
  title={Optimal outpatient appointment scheduling},
  author={Kaandorp, Guido C and Koole, Ger},
  journal={Health Care Management Science},
  volume={10},
  number={3},
  pages={217--229},
  year={2007},
  publisher={Springer}
}

@article{denton2003sequential,
  title={A sequential bounding approach for optimal appointment scheduling},
  author={Denton, Brian and Gupta, Diwakar},
  journal={Iie Transactions},
  volume={35},
  number={11},
  pages={1003--1016},
  year={2003},
  publisher={Taylor \& Francis}
}

@article{begen2011appointment,
  title={Appointment scheduling with discrete random durations},
  author={Begen, Mehmet A and Queyranne, Maurice},
  journal={Mathematics of Operations Research},
  volume={36},
  number={2},
  pages={240--257},
  year={2011},
  publisher={INFORMS}
}
