@article{levi2008approximation,
  title={Approximation algorithms for the capacitated multi-item lot-sizing problem via flow-cover inequalities},
  author={Levi, Retsef and Lodi, Andrea and Sviridenko, Maxim},
  journal={Mathematics of Operations Research},
  volume={33},
  number={2},
  pages={461--474},
  year={2008},
  publisher={INFORMS}
}

@article{levi2008constant,
  title={A constant approximation algorithm for the one-warehouse multiretailer problem},
  author={Levi, Retsef and Roundy, Robin and Shmoys, David and Sviridenko, Maxim},
  journal={Management Science},
  volume={54},
  number={4},
  pages={763--776},
  year={2008},
  publisher={INFORMS}
}

@article{levi2006primal,
  title={Primal-dual algorithms for deterministic inventory problems},
  author={Levi, Retsef and Roundy, Robin O and Shmoys, David B},
  journal={Mathematics of Operations Research},
  volume={31},
  number={2},
  pages={267--284},
  year={2006},
  publisher={INFORMS}
}

@article{ApproxjrpD:Beinkowski,
year={2015},
issn={1094-6136},
journal={Journal of Scheduling},
volume={18},
number={6},
title={Approximation algorithms for the joint replenishment problem with deadlines},
publisher={Springer US},
author={Bienkowski, Marcin and Byrka, Jarosław and Chrobak, Marek and Dobbs, Neil and Nowicki, Tomasz and Sviridenko, Maxim and Świrszcz, Grzegorz and Young, NealE.},
pages={545-560},
}

@article{DBLP:journals/corr/abs-1110-4150,
  author    = {Siddharth Barman and
               Shuchi Chawla},
  title     = {Traffic-Redundancy Aware Network Design},
  journal   = {CoRR},
  volume    = {abs/1110.4150},
  year      = {2011},
  ee        = {http://arxiv.org/abs/1110.4150},
  bibsource = {DBLP, http://dblp.uni-trier.de}
}

@article{li20131,
  title={A 1.488 approximation algorithm for the uncapacitated facility location problem},
  author={Li, Shi},
  journal={Information and Computation},
  volume={222},
  pages={45--58},
  year={2013},
  publisher={Elsevier}
}

@inproceedings{li2013approximating,
  title={Approximating k-median via pseudo-approximation},
  author={Li, Shi and Svensson, Ola},
  booktitle={proceedings of the forty-fifth annual ACM symposium on theory of computing},
  pages={901--910},
  year={2013},
  organization={ACM}
}

@article{chudak2003improved,
  title={Improved approximation algorithms for the uncapacitated facility location problem},
  author={Chudak, Fabi{\'a}n A and Shmoys, David B},
  journal={SIAM Journal on Computing},
  volume={33},
  number={1},
  pages={1--25},
  year={2003},
  publisher={SIAM}
}

@article{chudak2005improved,
  title={Improved approximation algorithms for capacitated facility location problems},
  author={Chudak, Fabi{\'a}n A and Williamson, David P},
  journal={Mathematical programming},
  volume={102},
  number={2},
  pages={207--222},
  year={2005},
  publisher={Springer}
}

@article{jain2003greedy,
  title={Greedy facility location algorithms analyzed using dual fitting with factor-revealing LP},
  author={Jain, Kamal and Mahdian, Mohammad and Markakis, Evangelos and Saberi, Amin and Vazirani, Vijay V},
  journal={Journal of the ACM (JACM)},
  volume={50},
  number={6},
  pages={795--824},
  year={2003},
  publisher={ACM}
}

@article{jain2001approximation,
  title={Approximation algorithms for metric facility location and k-median problems using the primal-dual schema and Lagrangian relaxation},
  author={Jain, Kamal and Vazirani, Vijay V},
  journal={Journal of the ACM (JACM)},
  volume={48},
  number={2},
  pages={274--296},
  year={2001},
  publisher={ACM}
}

@article{korupolu2000analysis,
  title={Analysis of a local search heuristic for facility location problems},
  author={Korupolu, Madhukar R and Plaxton, C Greg and Rajaraman, Rajmohan},
  journal={Journal of algorithms},
  volume={37},
  number={1},
  pages={146--188},
  year={2000},
  publisher={Elsevier}
}

@inproceedings{shmoys1997approximation,
  title={Approximation algorithms for facility location problems},
  author={Shmoys, David B and Tardos, {\'E}va and Aardal, Karen},
  booktitle={Proceedings of the twenty-ninth annual ACM symposium on Theory of computing},
  pages={265--274},
  year={1997},
  organization={ACM}
}

@article{arya2004local,
  title={Local search heuristics for k-median and facility location problems},
  author={Arya, Vijay and Garg, Naveen and Khandekar, Rohit and Meyerson, Adam and Munagala, Kamesh and Pandit, Vinayaka},
  journal={SIAM Journal on Computing},
  volume={33},
  number={3},
  pages={544--562},
  year={2004},
  publisher={SIAM}
}

@inproceedings{pal2001facility,
  title={Facility location with nonuniform hard capacities},
  author={Pal, Martin and Tardos, {\'E}va and Wexler, Tom},
  booktitle={Foundations of Computer Science, 2001. Proceedings. 42nd IEEE Symposium on},
  pages={329--338},
  year={2001},
  organization={IEEE}
}

@incollection{bansal20125,
  title={A 5-approximation for capacitated facility location},
  author={Bansal, Manisha and Garg, Naveen and Gupta, Neelima},
  booktitle={Algorithms--ESA 2012},
  pages={133--144},
  year={2012},
  publisher={Springer}
}

@inproceedings{svitkina2006facility,
  title={Facility location with hierarchical facility costs},
  author={Svitkina, Zoya and Tardos, {\'E}va},
  booktitle={Proceedings of the seventeenth annual ACM-SIAM symposium on Discrete algorithm},
  pages={153--161},
  year={2006},
  organization={Society for Industrial and Applied Mathematics}
}

@incollection{mahdian2003universal,
  title={Universal facility location},
  author={Mahdian, Mohammad and P{\'a}l, Martin},
  booktitle={Algorithms-ESA 2003},
  pages={409--421},
  year={2003},
  publisher={Springer}
}

@inproceedings{an2014lp,
  title={LP-based algorithms for capacitated facility location},
  author={An, Hyung-Chan and Singh, Mohit and Svensson, Ola},
  booktitle={Foundations of Computer Science (FOCS), 2014 IEEE 55th Annual Symposium on},
  pages={256--265},
  year={2014},
  organization={IEEE}
}

@article{DBLP:journals/corr/abs-1305-1979,
  author    = {Irit Dinur and
               David Steurer},
  title     = {Analytical Approach to Parallel Repetition},
  journal   = {CoRR},
  volume    = {abs/1305.1979},
  year      = {2013},
  url       = {http://arxiv.org/abs/1305.1979},
  timestamp = {Sun, 02 Jun 2013 20:48:21 +0200},
  biburl    = {http://dblp.uni-trier.de/rec/bib/journals/corr/abs-1305-1979},
  bibsource = {dblp computer science bibliography, http://dblp.org}
}

@article{charikar2005improved,
  title={Improved combinatorial algorithms for facility location problems},
  author={Charikar, Moses and Guha, Sudipto},
  journal={SIAM Journal on Computing},
  volume={34},
  number={4},
  pages={803--824},
  year={2005},
  publisher={SIAM}
}

@book{williamson2011design,
  title={The design of approximation algorithms},
  author={Williamson, David P and Shmoys, David B},
  year={2011},
  publisher={Cambridge University Press}
}

@article{grotschel1981ellipsoid,
  title={The ellipsoid method and its consequences in combinatorial optimization},
  author={Gr{\"o}tschel, Martin and Lov{\'a}sz, L{\'a}szl{\'o} and Schrijver, Alexander},
  journal={Combinatorica},
  volume={1},
  number={2},
  pages={169--197},
  year={1981},
  publisher={Springer}
}

@book{schrijver2003combinatorial,
  title={Combinatorial optimization: polyhedra and efficiency},
  author={Schrijver, Alexander},
  volume={24},
  year={2003},
  publisher={Springer Science \& Business Media}
}

@article{swamy2013improved,
  title={Improved approximation algorithms for matroid and knapsack median problems and applications},
  author={Swamy, Chaitanya},
  journal={arXiv preprint arXiv:1310.7834},
  year={2013}
}

@article{cheung2014submodular,
  title={The submodular joint replenishment problem},
  author={Cheung, Maurice and Elmachtoub, Adam N and Levi, Retsef and Shmoys, David B},
  journal={unpublished},
  year={2014}
}
